<?xml version="1.0" encoding="UTF-8" ?>
<collection xmlns:xsi="http://www.w3.org/2001/XMLSchema-instance"
    xsi:schemaLocation="http://www.loc.gov/MARC21/slim
        http://www.loc.gov/standards/marcxml/schema/MARC21slim.xsd"
    xmlns="http://www.loc.gov/MARC21/slim">
<record>
  <leader>00292cam a2200577 ia4500</leader>
  <controlfield tag="001">b1242903x</controlfield>
  <controlfield tag="003">LeBAU</controlfield>
  <controlfield tag="005">20190716</controlfield>
  <controlfield tag="008">970426m19471949ua              0   ara d</controlfield>
  <datafield tag="035" ind1=" " ind2=" ">
    <subfield code="a">ocn784311378</subfield>
  </datafield>
  <datafield tag="040" ind1=" " ind2=" ">
    <subfield code="a">LEAUB</subfield>
    <subfield code="b">ara</subfield>
    <subfield code="e">rda</subfield>
    <subfield code="c">LEAUB</subfield>
    <subfield code="d">LEAUB</subfield>
  </datafield>
  <datafield tag="082" ind1="0" ind2="4">
    <subfield code="a">349.297</subfield>
    <subfield code="2">20</subfield>
  </datafield>
  <datafield tag="100" ind1="1" ind2=" ">
    <subfield code="6">880-01</subfield>
    <subfield code="a">Ibn al-Murtaḍá, Aḥmad ibn Yaḥyá,</subfield>
    <subfield code="d">1363-1437.</subfield>
    <subfield code="e">author.</subfield>
    <subfield code="0"> https://lccn.loc.gov/n84077364 ,</subfield>
  </datafield>
  <datafield tag="245" ind1="1" ind2="0">
    <subfield code="6">880-02</subfield>
    <subfield code="a">Kitāb al-Baḥr al-zakhkhār al-jāmiʻ li-madhāhib ʻulamāʼ al-amṣār /</subfield>
    <subfield code="c">taʼlīf al-Imām al-mujtahid al-mahdī li-dīn Allāh Aḥmad ibn Yaḥyá ibn al-Murtaḍá, al-mutawaffá sanat 0840 H. Wa-yalīhi Kitāb Jawāhir al-akhbār wa-al-āthār al-mustakhrajah min lujjat al-Baḥr al-zakhkhār / lil-ʻAllāmah al-Muḥaqqiq Muḥammad ibn Yaḥyá Bahrān al-Ṣaʻdī, al-mutawaffá sanat 0957 H. Wa-li-tamām al-fāʼidah alḥaqnā bi-hi taʻlīqāt min marājiʻ mukhtalifah / li-muṣaḥḥiḥihi ʻAbd Allāh ibn ʻAbd al-Karīm al-Jurāfī al-Yamanī al-Ṣanʻāʼī ; bi-ishrāf wa-murājaʻat faḍīlat al-ustādhayn al-Shaykh ʻAbd Allāh Muḥammad al-Ṣiddīq, khādim al-ḥadīth wa-ʻAbd al-Ḥafīẓ Saʻd ʻAṭīyah.</subfield>
  </datafield>
  <datafield tag="246" ind1="3" ind2="0">
    <subfield code="6">880-03</subfield>
    <subfield code="a">Baḥr al-zakhkhār al-jāmiʻ li-madhāhib ʻulamāʼ al-amṣār</subfield>
  </datafield>
  <datafield tag="250" ind1=" " ind2=" ">
    <subfield code="6">880-04</subfield>
    <subfield code="a">al-Ṭabʻah al-ūlá.</subfield>
  </datafield>
  <datafield tag="264" ind1=" " ind2="1">
    <subfield code="6">880-05</subfield>
    <subfield code="a">Miṣr :</subfield>
    <subfield code="b">Maṭbaʻat al-Saʻādah,</subfield>
    <subfield code="c">1366-1368 H. = 1947-1949 M.</subfield>
  </datafield>
  <datafield tag="300" ind1=" " ind2=" ">
    <subfield code="6">880-06</subfield>
    <subfield code="a">4 volumes ;</subfield>
    <subfield code="c">28 cm</subfield>
  </datafield>
  <datafield tag="336" ind1=" " ind2=" ">
    <subfield code="a">text</subfield>
    <subfield code="b">txt</subfield>
    <subfield code="2">rdacontent</subfield>
  </datafield>
  <datafield tag="337" ind1=" " ind2=" ">
    <subfield code="a">unmediated</subfield>
    <subfield code="b">n</subfield>
    <subfield code="2">rdamedia</subfield>
  </datafield>
  <datafield tag="338" ind1=" " ind2=" ">
    <subfield code="a">volume</subfield>
    <subfield code="b">nc</subfield>
    <subfield code="2">rdacarrier</subfield>
  </datafield>
  <datafield tag="650" ind1=" " ind2="4">
    <subfield code="a">الفقه الإسلامي</subfield>
    <subfield code="v">اعمال قديمة حتى 1800.</subfield>
  </datafield>
  <datafield tag="650" ind1=" " ind2="4">
    <subfield code="a">الزيدية</subfield>
    <subfield code="v">أعمال قديمة حتى 1800.</subfield>
  </datafield>
  <datafield tag="650" ind1=" " ind2="0">
    <subfield code="a">Islamic law</subfield>
    <subfield code="v">Early works to 1800.</subfield>
  </datafield>
  <datafield tag="650" ind1=" " ind2="0">
    <subfield code="a">Zaydīs</subfield>
    <subfield code="v">Early works to 1800.</subfield>
  </datafield>
  <datafield tag="700" ind1="1" ind2="2">
    <subfield code="6">880-07</subfield>
    <subfield code="a">Ibn Bahrān, Muḥammad ibn Yaḥyá,</subfield>
    <subfield code="d">1483 or 1484-1550.</subfield>
    <subfield code="t">Jawāhir al-akhbār taḥtīj aḥādīth al-Baḥr al-zakhkhār.</subfield>
    <subfield code="0">https://lccn.loc.gov/n93009984</subfield>
  </datafield>
  <datafield tag="700" ind1="1" ind2=" ">
    <subfield code="6">880-08</subfield>
    <subfield code="a">Jurāfī, ʻAbd Allāh ʻAbd al-Karīm.</subfield>
    <subfield code="e">compiler.</subfield>
    <subfield code="0">https://lccn.loc.gov/n85055213 ,</subfield>
  </datafield>
  <datafield tag="700" ind1="1" ind2=" ">
    <subfield code="6">880-09</subfield>
    <subfield code="a">Ṣiddīq, ʻAbd Allāh ibn Muḥammad.</subfield>
    <subfield code="e">reviewer.</subfield>
    <subfield code="0">https://lccn.loc.gov/n80122941 ,</subfield>
  </datafield>
  <datafield tag="700" ind1="1" ind2=" ">
    <subfield code="6">880-10</subfield>
    <subfield code="a">Ṣiddīq, ʻAbd Allāh ibn Muḥammad.</subfield>
    <subfield code="e">editor.</subfield>
    <subfield code="0">https://lccn.loc.gov/n80122941 ,</subfield>
  </datafield>
  <datafield tag="700" ind1="1" ind2=" ">
    <subfield code="6">880-11</subfield>
    <subfield code="a">ʻAṭīyah, ʻAbd al-Ḥafīẓ Saʻd,</subfield>
    <subfield code="e">reviewer.</subfield>
  </datafield>
  <datafield tag="700" ind1="1" ind2=" ">
    <subfield code="6">880-12</subfield>
    <subfield code="a">ʻAṭīyah, ʻAbd al-Ḥafīẓ Saʻd,</subfield>
    <subfield code="e">editor.</subfield>
  </datafield>
  <datafield tag="852" ind1=" " ind2=" ">
    <subfield code="a">Jafet Library</subfield>
    <subfield code="e">American University of Beirut, Bliss Street, Beirut, Lebanon.‎</subfield>
  </datafield>
  <datafield tag="880" ind1="1" ind2=" ">
    <subfield code="6">100-01/(3/r</subfield>
    <subfield code="a">ابن المرتضى، احمد بن يحيى،</subfield>
    <subfield code="d">1373-1437،</subfield>
    <subfield code="0"> https://lccn.loc.gov/n84077364 ,</subfield>
    <subfield code="e">مؤلف. </subfield>
    <subfield code="4">aut.</subfield>
  </datafield>
  <datafield tag="880" ind1="1" ind2="0">
    <subfield code="6">245-02/(3/r</subfield>
    <subfield code="a"> كتاب البحر الزخار الجامع لمذاهب علماء الأمصار /</subfield>
    <subfield code="c">تأليف الإمام المجتهد المهدى لدين الله أحمد بن يحيى المرتضى، المتوفى سنة 0840 هـ. ويليه كتاب جواهر الأخبار والآثار المستخرجة من لجة البحر الزخار / للعلامة المحقق محمد بن يحيى بهران الصعدي، المتوفى 0957 هـ . ولتمام الفائدة ألحقنا به تعليقات من مراجع مختلفة / لمصححه القاضي عبد الله بن عبد الكريم الجرافي اليمني الصنعائي ؛ بإشراف ومراجعة فضيلة الأستاذين عبد الله محمد الصديق، خادم الحديث وعبد الحفيظ سعد عطيه</subfield>
  </datafield>
  <datafield tag="880" ind1="3" ind2="0">
    <subfield code="6">246-03/(3/r</subfield>
    <subfield code="a">البحر الزخار الجامع لمذاهب علماء الأمصار</subfield>
  </datafield>
  <datafield tag="880" ind1=" " ind2=" ">
    <subfield code="6">250-04/(3/r</subfield>
    <subfield code="a">الطبعة الاولى.</subfield>
  </datafield>
  <datafield tag="880" ind1=" " ind2="1">
    <subfield code="6">264-05/(3/r</subfield>
    <subfield code="a">مصر :</subfield>
    <subfield code="b">مطبعة السعادة،</subfield>
    <subfield code="c">1366-1368 هـ. = 1947-1949 م.</subfield>
  </datafield>
  <datafield tag="880" ind1=" " ind2=" ">
    <subfield code="6">300-06/(3/r</subfield>
    <subfield code="a">4 أجزاء ؛</subfield>
    <subfield code="c">28 سم</subfield>
  </datafield>
  <datafield tag="880" ind1="1" ind2="2">
    <subfield code="6">700-07/(3/r</subfield>
    <subfield code="a">ابن بهران، محمد بن يحيى،</subfield>
    <subfield code="d">1483 او 1484-1550.</subfield>
    <subfield code="0">https://lccn.loc.gov/nr92023816 .</subfield>
    <subfield code="t">جواهر الأخبار والآثار المستخرجة من لجة البحر الزخار.</subfield>
    <subfield code="0">https://lccn.loc.gov/n93009984</subfield>
  </datafield>
  <datafield tag="880" ind1="1" ind2=" ">
    <subfield code="6">700-08/(3/r</subfield>
    <subfield code="a">الجرافي، عبد الله عبد الكريم،</subfield>
    <subfield code="0">https://lccn.loc.gov/n85055213 ,</subfield>
    <subfield code="e">معد. </subfield>
    <subfield code="4">com.</subfield>
  </datafield>
  <datafield tag="880" ind1="1" ind2=" ">
    <subfield code="6">700-09/(3/r</subfield>
    <subfield code="a">الصديق، عبد الله بن محمد،</subfield>
    <subfield code="0">https://lccn.loc.gov/n80122941 ,</subfield>
    <subfield code="e">مراجع. </subfield>
    <subfield code="4">rev.</subfield>
  </datafield>
  <datafield tag="880" ind1="1" ind2=" ">
    <subfield code="6">700-10/(3/r</subfield>
    <subfield code="a">الصديق، عبد الله بن محمد،</subfield>
    <subfield code="0">https://lccn.loc.gov/n80122941 ,</subfield>
    <subfield code="e">محرر. </subfield>
    <subfield code="4">edt.</subfield>
  </datafield>
  <datafield tag="880" ind1="1" ind2=" ">
    <subfield code="6">700-11/(3/r</subfield>
    <subfield code="a">عطية، عبد الحفيظ سعد،</subfield>
    <subfield code="e">مراجع. </subfield>
    <subfield code="4">rev.</subfield>
  </datafield>
  <datafield tag="880" ind1="1" ind2=" ">
    <subfield code="6">700-12/(3/r</subfield>
    <subfield code="a">عطية، عبد الحفيظ سعد،</subfield>
    <subfield code="e">محرر. </subfield>
    <subfield code="4">edt.</subfield>
  </datafield>
  <datafield tag="907" ind1=" " ind2=" ">
    <subfield code="a">.b1242903x</subfield>
    <subfield code="b">19-08-19</subfield>
    <subfield code="c">11-05-24</subfield>
  </datafield>
  <datafield tag="907" ind1=" " ind2=" ">
    <subfield code="a">.b1242903x</subfield>
    <subfield code="b">11-10-11</subfield>
    <subfield code="c">11-05-24</subfield>
  </datafield>
  <datafield tag="945" ind1=" " ind2=" ">
    <subfield code="f">J</subfield>
    <subfield code="a">349.297:I1324bA:v.1:c.1</subfield>
    <subfield code="i">01017470</subfield>
    <subfield code="j">.i12900400</subfield>
    <subfield code="l">u0503</subfield>
  </datafield>
  <datafield tag="945" ind1=" " ind2=" ">
    <subfield code="f">J</subfield>
    <subfield code="a">349.297:I1324bA:v.2:c.1</subfield>
    <subfield code="i">01017471</subfield>
    <subfield code="j">.i12900412</subfield>
    <subfield code="l">u0503</subfield>
  </datafield>
  <datafield tag="945" ind1=" " ind2=" ">
    <subfield code="f">J</subfield>
    <subfield code="a">349.297:I1324bA:v.3:c.1</subfield>
    <subfield code="i">01017472</subfield>
    <subfield code="j">.i12900424</subfield>
    <subfield code="l">u0503</subfield>
  </datafield>
  <datafield tag="945" ind1=" " ind2=" ">
    <subfield code="f">J</subfield>
    <subfield code="a">349.297:I1324bA:v.4:c.1</subfield>
    <subfield code="i">01017473</subfield>
    <subfield code="j">.i12900436</subfield>
    <subfield code="l">u0503</subfield>
  </datafield>
  <datafield tag="998" ind1=" " ind2=" ">
    <subfield code="a">u05</subfield>
    <subfield code="b">97-04-26</subfield>
    <subfield code="c">m</subfield>
    <subfield code="d">a  </subfield>
    <subfield code="e">-</subfield>
    <subfield code="f">ara</subfield>
    <subfield code="g">ua </subfield>
    <subfield code="h">0</subfield>
    <subfield code="i">4</subfield>
  </datafield>
</record>
</collection>
